@inproceedings{vaswani2017attention,
  title={Attention is all you need},
  author={Vaswani, Ashish and Shazeer, Noam and Parmar, Niki and Uszkoreit, Jakob and Jones, Llion and Gomez, Aidan N and Kaiser, Łukasz and Polosukhin, Illia},
  booktitle={Advances in neural information processing systems},
  year={2017}
}

@online{calcme,
  author    = {Wiris},
  title     = {Numbers representation, tolerance and precision},
  year      = {2024},
  url       = {https://docs.wiris.com/quizzes/en/validation-options/numbers-representation%2C-tolerance-and-precision.html},
  urldate   = {2025-05-08},
  note      = {Zugriff am 8. Mai 2025}
}

@book{cormen,
  title={Introduction to Algorithms},
  author={Cormen, Thomas H and Leiserson, Charles E and Rivest, Ronald L and Stein, Clifford},
  edition={3rd},
  year={2009},
  publisher={MIT Press}
}


@article{navarro,
  title        = {A Guided Tour to Approximate String Matching},
  author       = {Gonzalo Navarro},
  journal      = {ACM Computing Surveys},
  volume       = {33},
  number       = {1},
  pages        = {31--88},
  year         = {2001},
  publisher    = {ACM},
  doi          = {10.1145/375360.375365},
  url          = {https://www.dcc.uchile.cl/TR/1999/TR_DCC-1999-005.pdf}
}


@article{burrows,
  title={The Eras and Trends of Automatic Short Answer Grading},
  author={Burrows, Steven and Gurevych, Iryna and Stein, Benno},
  journal={International Journal of Artificial Intelligence in Education},
  year={2014},
  doi={10.1007/s40593-014-0026-8},
  note={Published online: 23 October 2014},
}


@book{jurafsky,
  title        = {Speech and Language Processing},
  author       = {Jurafsky, Daniel and Martin, James H.},
  year         = {2021},
  note         = {Draft of December 29, 2021. All rights reserved.},
  publisher    = {Unpublished Draft},
  url          = {https://web.stanford.edu/~jurafsky/slp3/old_dec21/2.pdf},
}


@article{RoedigerMarsh2005,
  author    = {{Roediger III}, Henry L. and Marsh, Elizabeth J.},
  title     = {The Positive and Negative Consequences of Multiple-Choice Testing},
  journal   = {Journal of Experimental Psychology: Learning, Memory, and Cognition},
  year      = {2005},
  volume    = {31},
  number    = {5},
  pages     = {1155--1159},
  doi       = {10.1037/0278-7393.31.5.1155},
  publisher = {American Psychological Association}
}

@article{leacock,
  author    = {Claudia Leacock and Martin Chodorow},
  title     = {C-rater: Automated scoring of short-answer questions},
  journal   = {Computers and the Humanities},
  volume    = {37},
  number    = {4},
  pages     = {389--405},
  year      = {2003},
  doi       = {10.1023/A:1025779619906},
  publisher = {Springer}
}

@book{mitkov,
  editor    = {Ruslan Mitkov},
  title     = {The Oxford Handbook of Computational Linguistics},
  publisher = {Oxford University Press},
  year      = {2022},
  edition   = {2},
  address   = {Oxford},
  isbn      = {9780199573691}
}


@book{luckin,
  title     = {Intelligence Unleashed: An Argument for AI in Education},
  author    = {Luckin, Rose and Holmes, Wayne and Griffiths, Mark and Forcier, Laurie B.},
  year      = {2016},
  publisher = {Pearson},
  isbn      = {9780992424886},
  url       = {https://www.researchgate.net/publication/299561597_Intelligence_Unleashed_An_argument_for_AI_in_Education},
}

@article{brown,
  title={Language Models are Few-Shot Learners},
  author={Brown, Tom B. and Mann, Benjamin and Ryder, Nick and Subbiah, Melanie and Kaplan, Jared and Dhariwal, Prafulla and Neelakantan, Arvind and Shyam, Pranav and Sastry, Girish and Askell, Amanda and Agarwal, Sandhini and Herbert-Voss, Ariel and Krueger, Gretchen and Henighan, Tom and Child, Rewon and Ramesh, Aditya and Ziegler, Daniel M. and Wu, Jeffrey and Winter, Clemens and Hesse, Christopher and Chen, Mark and Sigler, Eric and Litwin, Mateusz and Gray, Scott and Chess, Benjamin and Clark, Jack and Berner, Christopher and McCandlish, Sam and Radford, Alec and Sutskever, Ilya and Amodei, Dario},
  journal={arXiv preprint arXiv:2005.14165},
  year={2020},
  note={Version v4, published July 22, 2020},
  url={https://arxiv.org/abs/2005.14165}
}

@article{radford,
  title={Language Models are Unsupervised Multitask Learners},
  author={Radford, Alec and Wu, Jeffrey and Child, Rewon and Luan, David and Amodei, Dario and Sutskever, Ilya},
  year={2019},
  journal={OpenAI Blog},
  volume={1},
  number={8},
  note={\url{https://cdn.openai.com/better-language-models/language_models_are_unsupervised_multitask_learners.pdf}}
}

@misc{openai_reasoning,
  author       = {{OpenAI}},
  title        = {Reasoning with Language Models},
  year         = {2024},
  howpublished = {\url{https://platform.openai.com/docs/guides/reasoning?api-mode=responses}},
  note         = {Zugriff: 17.05.2025}
}

@online{openai,
  author       = {{OpenAI}},
  title        = {OpenAI API Pricing},
  year         = {2024},
  url          = {https://platform.openai.com/docs/pricing},
  note         = {Zugriff November 2024}
}

@online{gemini,
  author       = {{Google}},
  title        = {Preise für die Gemini Developer API},
  year         = {2024},
  url          = {https://ai.google.dev/gemini-api/docs/pricing?hl=de},
  note         = {Zugriff November 2024}
}

@online{claude,
  author       = {{Anthropic}},
  title        = {Anthropic API Pricing},
  year         = {2024},
  url          = {https://www.anthropic.com/pricing#api},
  note         = {Zugriff November 2024}
}

@online{azure,
  author       = {{Microsoft}},
  title        = {Azure OpenAI Service – Preisübersicht},
  year         = {2024},
  url          = {https://azure.microsoft.com/en-us/pricing/details/cognitive-services/openai-service/},
  note         = {Zugriff November 2024}
}

@online{cohere,
  author       = {{Cohere}},
  title        = {Cohere API Pricing},
  year         = {2024},
  url          = {https://cohere.com/pricing},
  note         = {Zugriff November 2024}
}

@online{deepseek,
  author       = {{DeepSeek}},
  title        = {DeepSeek API Pricing},
  year         = {2025},
  url          = {https://api-docs.deepseek.com/quick_start/pricing},
  note         = {Zugriff Februar 2025}
}
